<record><leader>00000cas a22000007a 4500</leader><controlfield tag="001">13025315</controlfield><controlfield tag="008">860115d1831183unyucr ne      0    0eng d</controlfield><datafield ind1=" " ind2=" " tag="010"><subfield code="a">sn 86053020 </subfield></datafield><datafield ind1=" " ind2=" " tag="040"><subfield code="a">NPX</subfield><subfield code="b">eng</subfield><subfield code="c">NPX</subfield><subfield code="d">OCLCQ</subfield></datafield><datafield ind1=" " ind2=" " tag="042"><subfield code="a">msc</subfield></datafield><datafield ind1="0" ind2="0" tag="245"><subfield code="a">Albany freeman's advocate, and farmers', mechanics' and workingmen's champion.</subfield></datafield><datafield ind1="1" ind2="3" tag="246"><subfield code="a">Albany freeman's advocate</subfield></datafield><datafield ind1=" " ind2=" " tag="260"><subfield code="a">Albany [N.Y.] :</subfield><subfield code="b">M'Kercher &amp; M'Pherson</subfield></datafield><datafield ind1=" " ind2=" " tag="300"><subfield code="a">v.</subfield></datafield><datafield ind1=" " ind2=" " tag="310"><subfield code="a">Semiweekly</subfield></datafield><datafield ind1="1" ind2=" " tag="362"><subfield code="a">Began in 1831.</subfield></datafield><datafield ind1=" " ind2=" " tag="500"><subfield code="a">Editor: E.V. Sparhawk, &lt;1831&gt;.</subfield></datafield><datafield ind1=" " ind2=" " tag="500"><subfield code="a">"National Republican."</subfield></datafield><datafield ind1=" " ind2=" " tag="588"><subfield code="a">Description based on: Vol. 1, no. 4 (June 7, 1831).</subfield></datafield><datafield ind1=" " ind2=" " tag="752"><subfield code="a">United States</subfield><subfield code="b">New York</subfield><subfield code="c">Albany</subfield><subfield code="d">Albany.</subfield></datafield><datafield ind1="0" ind2=" " tag="775"><subfield code="t">Daily freeman's advocate, and farmers', mechanics' and workingmen's champion</subfield><subfield code="w">(DLC)sn 83030835</subfield></datafield><datafield ind1="0" ind2="0" tag="780"><subfield code="t">Farmers', mechanics' &amp; workingmen's advocate</subfield><subfield code="w">(DLC)sn 83030834</subfield></datafield><datafield ind1="1" ind2=" " tag="029"><subfield code="a">AU@</subfield><subfield code="b">000025785327</subfield></datafield></record>